@article{ref1
author = "Xiaohu Han",
title = "{Design and research of elevator control system based on PLC}",
journal = "Journal of Physics"
number = "1",
year = "2020",
pages = "1-6"
}

@article{ref2
author = "Umair Shahzad",
title = "{Design and Analysis of a Control System Using Root Locus and Frequency Response Methods}"
journal = "International Journal of Information Technology and Electrical Engineering"
volume = "6"
number ="4"
month = "September"
year = "2017"
pages = "1-6"
}
